<record><leader>00000cas a22000007a 4500</leader><controlfield tag="001">14209677</controlfield><controlfield tag="008">860912d18921914iauwr ne      0    0eng d</controlfield><datafield ind1=" " ind2=" " tag="010"><subfield code="a">sn 86060140 </subfield></datafield><datafield ind1=" " ind2=" " tag="040"><subfield code="a">INP</subfield><subfield code="b">eng</subfield><subfield code="c">INP</subfield><subfield code="d">OCLCQ</subfield></datafield><datafield ind1=" " ind2=" " tag="042"><subfield code="a">msc</subfield></datafield><datafield ind1="0" ind2=" " tag="130"><subfield code="a">Mt. Pleasant weekly news (Mount Pleasant, Iowa : 1892)</subfield></datafield><datafield ind1="1" ind2="0" tag="245"><subfield code="a">Mt. Pleasant weekly news.</subfield></datafield><datafield ind1="1" ind2="3" tag="246"><subfield code="a">Weekly news</subfield><subfield code="f">&lt;Jan. 2, 1895-Dec. 25, 1913&gt;</subfield></datafield><datafield ind1="1" ind2="3" tag="246"><subfield code="a">Mount Pleasant weekly news</subfield><subfield code="f">&lt;May 22, 1895&gt;-Dec. 30, 1903</subfield></datafield><datafield ind1=" " ind2=" " tag="260"><subfield code="a">Mt. Pleasant, Iowa :</subfield><subfield code="b">[s.n.]</subfield></datafield><datafield ind1=" " ind2=" " tag="300"><subfield code="a">v. :</subfield><subfield code="b">ill.</subfield></datafield><datafield ind1=" " ind2=" " tag="310"><subfield code="a">Weekly</subfield></datafield><datafield ind1="1" ind2=" " tag="362"><subfield code="a">Issued 1892-Aug.? 1914.</subfield><subfield code="z">Cf. Bibl. of Iowa newspapers.</subfield></datafield><datafield ind1=" " ind2=" " tag="500"><subfield code="a">Publishers: Rogers &amp; Throop &lt;Oct. 27, 1897&gt;-Jan. 28, 1903; Charles S. Rogers, Feb. 4, 1903-&lt;Dec. 25, 1913&gt;.</subfield></datafield><datafield ind1=" " ind2=" " tag="515"><subfield code="a">Frequent issues misdated.</subfield></datafield><datafield ind1=" " ind2=" " tag="525"><subfield code="a">Includes occasional supplements.</subfield></datafield><datafield ind1=" " ind2=" " tag="588"><subfield code="a">Description based on: Jan. 2, 1895.</subfield></datafield><datafield ind1=" " ind2=" " tag="752"><subfield code="a">United States</subfield><subfield code="b">Iowa</subfield><subfield code="c">Henry</subfield><subfield code="d">Mount Pleasant.</subfield></datafield><datafield ind1="0" ind2="0" tag="780"><subfield code="t">Mount Pleasant independent (Mount Pleasant, Iowa)</subfield></datafield><datafield ind1="0" ind2="7" tag="785"><subfield code="t">Mount Pleasant journal (Mount Pleasant, Iowa)</subfield><subfield code="w">(DLC)sn 84027243</subfield></datafield><datafield ind1="0" ind2="7" tag="785"><subfield code="t">Mt. Pleasant news-journal</subfield><subfield code="w">(DLC)sn 86060139</subfield></datafield></record>